@article{goodman2013principles,
  title={The principles and practice of probabilistic programming},
  author={Goodman, Noah D},
  journal={ACM SIGPLAN Notices},
  volume={48},
  number={1},
  pages={399--402},
  year={2013},
  publisher={ACM New York, NY, USA}
}
@book{koller2009probabilistic,
  title={Probabilistic graphical models: principles and techniques},
  author={Koller, Daphne and Friedman, Nir},
  year={2009},
  publisher={MIT press}
}
@article{hastings1970monte,
  title={Monte Carlo sampling methods using Markov chains and their applications},
  author={Hastings, W Keith},
  year={1970},
  publisher={Oxford University Press}
}
@misc{arora2020newtonian,
    title={Newtonian Monte Carlo: single-site MCMC meets second-order gradient methods},
    author={Nimar S. Arora and Nazanin Khosravani Tehrani and Kinjal Divesh Shah and Michael Tingley and Yucen Lily Li and Narjes Torabi and David Noursi and Sepehr Akhavan Masouleh and Eric Lippert and Erik Meijer},
    year={2020},
    eprint={2001.05567},
    archivePrefix={arXiv},
    primaryClass={cs.LG}
}
@inproceedings{le2017inference,
  title={Inference compilation and universal probabilistic programming},
  author={Le, Tuan Anh and Baydin, Atilim Gunes and Wood, Frank},
  booktitle={Artificial Intelligence and Statistics},
  pages={1338--1348},
  year={2017}
}